<ENVELOPE>
 <HEADER>
  <TALLYREQUEST>Import Data</TALLYREQUEST>
 </HEADER>
 <BODY>
  <IMPORTDATA>
   <REQUESTDESC>
    <REPORTNAME>All Masters</REPORTNAME>
    <STATICVARIABLES>
     <SVCURRENTCOMPANY>HEAD OFFICE</SVCURRENTCOMPANY>
    </STATICVARIABLES>
   </REQUESTDESC>
   <REQUESTDATA>
    <TALLYMESSAGE xmlns:UDF="TallyUDF">
     <VOUCHER VCHTYPE="Journal" ACTION="Create">
      <DATE>20100510</DATE>
      <VOUCHERTYPENAME>Journal</VOUCHERTYPENAME>
      <ALLLEDGERENTRIES.LIST>
       <LEDGERNAME>11201</LEDGERNAME>
       <ISDEEMEDPOSITIVE>Yes</ISDEEMEDPOSITIVE>
       <ISPARTYLEDGER>No</ISPARTYLEDGER>
       <AMOUNT>-5766.0</AMOUNT>
       <CATEGORYALLOCATIONS.LIST>
        <CATEGORY>Primary Cost Category</CATEGORY>
        <ISDEEMEDPOSITIVE>Yes</ISDEEMEDPOSITIVE>
        <COSTCENTREALLOCATIONS.LIST>
         <NAME>ANILAO</NAME>
         <AMOUNT>-5766.0</AMOUNT>
        </COSTCENTREALLOCATIONS.LIST>
       </CATEGORYALLOCATIONS.LIST>
      </ALLLEDGERENTRIES.LIST>
      <ALLLEDGERENTRIES.LIST>
       <LEDGERNAME>31201</LEDGERNAME>
       <ISDEEMEDPOSITIVE>No</ISDEEMEDPOSITIVE>
       <ISPARTYLEDGER>No</ISPARTYLEDGER>
       <AMOUNT>5766.0</AMOUNT>
       <CATEGORYALLOCATIONS.LIST>
        <CATEGORY>Primary Cost Category</CATEGORY>
        <ISDEEMEDPOSITIVE>No</ISDEEMEDPOSITIVE>
        <COSTCENTREALLOCATIONS.LIST>
         <NAME>ANILAO</NAME>
         <AMOUNT>5766.0</AMOUNT>
        </COSTCENTREALLOCATIONS.LIST>
       </CATEGORYALLOCATIONS.LIST>
      </ALLLEDGERENTRIES.LIST>     
     </VOUCHER>
    </TALLYMESSAGE>
    <TALLYMESSAGE xmlns:UDF="TallyUDF">
     <VOUCHER VCHTYPE="Payment" ACTION="Create">
      <DATE>20100510</DATE>
      <VOUCHERTYPENAME>Payment</VOUCHERTYPENAME>
      <PARTYLEDGERNAME>11201</PARTYLEDGERNAME>
      <ALLLEDGERENTRIES.LIST>
       <LEDGERNAME>21101</LEDGERNAME>
       <ISDEEMEDPOSITIVE>Yes</ISDEEMEDPOSITIVE>
       <ISPARTYLEDGER>No</ISPARTYLEDGER>
       <AMOUNT>-2500.0</AMOUNT>
       <CATEGORYALLOCATIONS.LIST>
        <CATEGORY>Primary Cost Category</CATEGORY>
        <ISDEEMEDPOSITIVE>Yes</ISDEEMEDPOSITIVE>
        <COSTCENTREALLOCATIONS.LIST>
         <NAME>ANILAO</NAME>
         <AMOUNT>-2500.0</AMOUNT>
        </COSTCENTREALLOCATIONS.LIST>
       </CATEGORYALLOCATIONS.LIST>
      </ALLLEDGERENTRIES.LIST>
      <ALLLEDGERENTRIES.LIST>
       <LEDGERNAME>21102</LEDGERNAME>
       <ISDEEMEDPOSITIVE>Yes</ISDEEMEDPOSITIVE>
       <ISPARTYLEDGER>No</ISPARTYLEDGER>
       <AMOUNT>-418.0</AMOUNT>
       <CATEGORYALLOCATIONS.LIST>
        <CATEGORY>Primary Cost Category</CATEGORY>
        <ISDEEMEDPOSITIVE>Yes</ISDEEMEDPOSITIVE>
        <COSTCENTREALLOCATIONS.LIST>
         <NAME>ANILAO</NAME>
         <AMOUNT>-418.0</AMOUNT>
        </COSTCENTREALLOCATIONS.LIST>
       </CATEGORYALLOCATIONS.LIST>
      </ALLLEDGERENTRIES.LIST>
      <ALLLEDGERENTRIES.LIST>
       <LEDGERNAME>11201</LEDGERNAME>
       <ISDEEMEDPOSITIVE>No</ISDEEMEDPOSITIVE>
       <ISPARTYLEDGER>Yes</ISPARTYLEDGER>
       <AMOUNT>2918.0</AMOUNT>
      </ALLLEDGERENTRIES.LIST>     
     </VOUCHER>
    </TALLYMESSAGE>
    <TALLYMESSAGE xmlns:UDF="TallyUDF">
     <VOUCHER VCHTYPE="Receipt" ACTION="Create">
      <DATE>20100510</DATE>
      <VOUCHERTYPENAME>Receipt</VOUCHERTYPENAME>
      <PARTYLEDGERNAME>11201</PARTYLEDGERNAME>
      <ALLLEDGERENTRIES.LIST>
       <LEDGERNAME>12101</LEDGERNAME>
       <ISDEEMEDPOSITIVE>No</ISDEEMEDPOSITIVE>
       <ISPARTYLEDGER>No</ISPARTYLEDGER>
       <AMOUNT>128935.0</AMOUNT>
       <CATEGORYALLOCATIONS.LIST>
        <CATEGORY>Primary Cost Category</CATEGORY>
        <ISDEEMEDPOSITIVE>No</ISDEEMEDPOSITIVE>
        <COSTCENTREALLOCATIONS.LIST>
         <NAME>ANILAO</NAME>
         <AMOUNT>128935.0</AMOUNT>
        </COSTCENTREALLOCATIONS.LIST>
       </CATEGORYALLOCATIONS.LIST>
      </ALLLEDGERENTRIES.LIST>
      <ALLLEDGERENTRIES.LIST>
       <LEDGERNAME>21101</LEDGERNAME>
       <ISDEEMEDPOSITIVE>No</ISDEEMEDPOSITIVE>
       <ISPARTYLEDGER>No</ISPARTYLEDGER>
       <AMOUNT>4440.0</AMOUNT>
       <CATEGORYALLOCATIONS.LIST>
        <CATEGORY>Primary Cost Category</CATEGORY>
        <ISDEEMEDPOSITIVE>No</ISDEEMEDPOSITIVE>
        <COSTCENTREALLOCATIONS.LIST>
         <NAME>ANILAO</NAME>
         <AMOUNT>4440.0</AMOUNT>
        </COSTCENTREALLOCATIONS.LIST>
       </CATEGORYALLOCATIONS.LIST>
      </ALLLEDGERENTRIES.LIST>
      <ALLLEDGERENTRIES.LIST>
       <LEDGERNAME>21102</LEDGERNAME>
       <ISDEEMEDPOSITIVE>No</ISDEEMEDPOSITIVE>
       <ISPARTYLEDGER>No</ISPARTYLEDGER>
       <AMOUNT>1093.0</AMOUNT>
       <CATEGORYALLOCATIONS.LIST>
        <CATEGORY>Primary Cost Category</CATEGORY>
        <ISDEEMEDPOSITIVE>No</ISDEEMEDPOSITIVE>
        <COSTCENTREALLOCATIONS.LIST>
         <NAME>ANILAO</NAME>
         <AMOUNT>1093.0</AMOUNT>
        </COSTCENTREALLOCATIONS.LIST>
       </CATEGORYALLOCATIONS.LIST>
      </ALLLEDGERENTRIES.LIST>
      <ALLLEDGERENTRIES.LIST>
       <LEDGERNAME>31101</LEDGERNAME>
       <ISDEEMEDPOSITIVE>No</ISDEEMEDPOSITIVE>
       <ISPARTYLEDGER>No</ISPARTYLEDGER>
       <AMOUNT>24841.0</AMOUNT>
       <CATEGORYALLOCATIONS.LIST>
        <CATEGORY>Primary Cost Category</CATEGORY>
        <ISDEEMEDPOSITIVE>No</ISDEEMEDPOSITIVE>
        <COSTCENTREALLOCATIONS.LIST>
         <NAME>ANILAO</NAME>
         <AMOUNT>24841.0</AMOUNT>
        </COSTCENTREALLOCATIONS.LIST>
       </CATEGORYALLOCATIONS.LIST>
      </ALLLEDGERENTRIES.LIST>
      <ALLLEDGERENTRIES.LIST>
       <LEDGERNAME>11201</LEDGERNAME>
       <ISDEEMEDPOSITIVE>Yes</ISDEEMEDPOSITIVE>
       <ISPARTYLEDGER>Yes</ISPARTYLEDGER>
       <AMOUNT>-159309.0</AMOUNT>
      </ALLLEDGERENTRIES.LIST>     
     </VOUCHER>
    </TALLYMESSAGE>
    <TALLYMESSAGE xmlns:UDF="TallyUDF">
     <VOUCHER VCHTYPE="Journal" ACTION="Create">
      <DATE>20100511</DATE>
      <VOUCHERTYPENAME>Journal</VOUCHERTYPENAME>
      <ALLLEDGERENTRIES.LIST>
       <LEDGERNAME>11201</LEDGERNAME>
       <ISDEEMEDPOSITIVE>Yes</ISDEEMEDPOSITIVE>
       <ISPARTYLEDGER>No</ISPARTYLEDGER>
       <AMOUNT>-5350.0</AMOUNT>
       <CATEGORYALLOCATIONS.LIST>
        <CATEGORY>Primary Cost Category</CATEGORY>
        <ISDEEMEDPOSITIVE>Yes</ISDEEMEDPOSITIVE>
        <COSTCENTREALLOCATIONS.LIST>
         <NAME>ANILAO</NAME>
         <AMOUNT>-5350.0</AMOUNT>
        </COSTCENTREALLOCATIONS.LIST>
       </CATEGORYALLOCATIONS.LIST>
      </ALLLEDGERENTRIES.LIST>
      <ALLLEDGERENTRIES.LIST>
       <LEDGERNAME>31201</LEDGERNAME>
       <ISDEEMEDPOSITIVE>No</ISDEEMEDPOSITIVE>
       <ISPARTYLEDGER>No</ISPARTYLEDGER>
       <AMOUNT>5350.0</AMOUNT>
       <CATEGORYALLOCATIONS.LIST>
        <CATEGORY>Primary Cost Category</CATEGORY>
        <ISDEEMEDPOSITIVE>No</ISDEEMEDPOSITIVE>
        <COSTCENTREALLOCATIONS.LIST>
         <NAME>ANILAO</NAME>
         <AMOUNT>5350.0</AMOUNT>
        </COSTCENTREALLOCATIONS.LIST>
       </CATEGORYALLOCATIONS.LIST>
      </ALLLEDGERENTRIES.LIST>     
     </VOUCHER>
    </TALLYMESSAGE>
    <TALLYMESSAGE xmlns:UDF="TallyUDF">
     <VOUCHER VCHTYPE="Payment" ACTION="Create">
      <DATE>20100511</DATE>
      <VOUCHERTYPENAME>Payment</VOUCHERTYPENAME>
      <PARTYLEDGERNAME>11201</PARTYLEDGERNAME>
      <ALLLEDGERENTRIES.LIST>
       <LEDGERNAME>21102</LEDGERNAME>
       <ISDEEMEDPOSITIVE>Yes</ISDEEMEDPOSITIVE>
       <ISPARTYLEDGER>No</ISPARTYLEDGER>
       <AMOUNT>-936.0</AMOUNT>
       <CATEGORYALLOCATIONS.LIST>
        <CATEGORY>Primary Cost Category</CATEGORY>
        <ISDEEMEDPOSITIVE>Yes</ISDEEMEDPOSITIVE>
        <COSTCENTREALLOCATIONS.LIST>
         <NAME>ANILAO</NAME>
         <AMOUNT>-936.0</AMOUNT>
        </COSTCENTREALLOCATIONS.LIST>
       </CATEGORYALLOCATIONS.LIST>
      </ALLLEDGERENTRIES.LIST>
      <ALLLEDGERENTRIES.LIST>
       <LEDGERNAME>11201</LEDGERNAME>
       <ISDEEMEDPOSITIVE>No</ISDEEMEDPOSITIVE>
       <ISPARTYLEDGER>Yes</ISPARTYLEDGER>
       <AMOUNT>936.0</AMOUNT>
      </ALLLEDGERENTRIES.LIST>     
     </VOUCHER>
    </TALLYMESSAGE>
   </REQUESTDATA>
  </IMPORTDATA>
 </BODY>
</ENVELOPE>